This file was created with JabRef 2.1 beta 2.
Encoding: Cp1252

@BOOK{DudenWissArbeit,
  title = {Duden, Wie verfasst man wissenschaftliche Arbeiten? Ein Leitfaden
	für das Studium und die Promotion},
  publisher = {Bibliographisches Institut},
  year = {2000},
  author = {Ulrich Andermann and Martin Drees and Frank Grätz},
  address = {Mannheim},
  subtitle = {Ratgeber f{\"u}r Gestaltung mit Schrift}
}

@WWW{Bier2006,
  url = {http://www.zvisionwelt.de/typokurz.pdf},
  author = {Christoph Bier},
  title = {Typokurz -- Einige wichtige typografische Regeln},
  year = {2006},
  urldate = {5.~Juni 2007},
  owner = {pfc}
}

@BOOK{Emmer2005,
  title = {Politische Mobilisierung durch das Internet? Eine kommunikationswissenschaftliche
	Untersuchung zur Wirkung eines neuen Mediums},
  publisher = {Verlag Reinhard Fischer},
  year = {2005},
  author = {Martin Emmer},
  address = {München},
  language = {german},
  owner = {pfc}
}

@BOOK{Trebbe2000,
  title = {Fernsehen in Deutschland 1998-1999},
  publisher = {Vistas},
  year = {2000},
  author = {Hans-Jürgen Weiß and Joachim Trebbe},
  address = {Berlin},
  owner = {pfc},
  timestamp = {2007.07.07}
}

@BOOK{ErsteHilfe,
  title = {Erste Hilfe in Typografie},
  publisher = {Verlag Hermann Schmidt},
  year = {2000},
  author = {Hans Peter Willberg and Friedrich Forssman},
  address = {Mainz},
  subtitle = {Ratgeber f{\"u}r Gestaltung mit Schrift}
}

@comment{jabref-entrytype: Www: req[url;author;title;year;urldate] opt[shortauthor;juraauthor;shorttitle;juratitle;gender;language;titleaddon;howcited;sortkey;annote]}

